@article{pby,
  title={National Chicken Quality Statistics},
  author={Boyan Pu},
  journal={National Agriculture},
  volume={3},
  number={4},
  pages={L042046},
  year={2022},
  publisher={Tsinghua University Publisher}
}

@article{zxh,
  title={Professional Taste-testing Groups To Evaluate Food Flavor},
  author={Xiaohu Zhou, Ruben Fan, Jianghai Bin},
  journal={Foodie},
  volume={1},
  number={2},
  pages={P114514},
  year={2021},
  publisher={Chengdu No.7 High School Press}
}

@article{fjh,
  title={An Innovation In Food Flavor Evaluation},
  author={Junhao Feng},
  journal={TAKEOUT},
  volume={4},
  number={2},
  pages={P30},
  year={2024},
  publisher={Peking University Press}
}

@article{lbw,
  title={A Method To Mearsure Bacterial Content},
  author={Bowen Li},
  journal={Advanced Mathematics Teaching},
  volume={3},
  number={5},
  pages={P250},
  year={2020},
  publisher={Peking University Press}
}