@article{pby,
  title={National Chicken Quality Statistics},
  author={Boyan Pu, Jingyuan Chen},
  journal={National Agriculture},
  volume={3},
  number={4},
  pages={L042046},
  year={2022},
  publisher={Tsinghua University Publisher}
}

@article{zxh,
  title={Professional Taste-testing Groups To Evaluate Food Flavor},
  author={Xiaohu Zhou, Ruben Fan, Haibin Jiang},
  journal={Foodie},
  volume={1},
  number={2},
  pages={P114514},
  year={2021},
  publisher={Chengdu No.7 High School Press}
}

@article{fjh,
  title={An Innovation In Food Flavor Evaluation},
  author={Junhao Feng, Fengjie Hong, Rongxi Sun},
  journal={TAKEOUT},
  volume={4},
  number={2},
  pages={P30},
  year={2024},
  publisher={Peking University Press}
}

@article{lbw,
  title={A Method To Measure Bacterial Content},
  author={Bowen Li, Chengyu Xiong},
  journal={Advanced Mathematics Teaching},
  volume={3},
  number={5},
  pages={P250},
  year={2020},
  publisher={Peking University Press}
}
@article{dundee,
  title={A New Method to Cook Chicken},
  author={Jingfu Zhang, Dundee},
  journal={Recipes},
  volume={1},
  number={2},
  pages={P114514},
  year={2017},
  publisher={International Cooking Organization Press}
}
@article{rch,
  title={Cooking Chicken With Fire And Salt},
  author={Chenhao Ren, Manchen Huang},
  journal={Recipes},
  volume={3},
  number={2},
  pages={P520},
  year={2023},
  publisher={Peking University Press}
}
@article{zy,
  title={How To Prepare Chicken-A New Dimension},
  author={Yu Zhang},
  journal={Recipes},
  volume={3},
  number={2},
  pages={P51},
  year={2024},
  publisher={Peking University Press}
}